[gd_resource type="Theme" load_steps=200 format=2]

[ext_resource path="res://textures/fonts/bitpotion/BitPotion.font" type="BitmapFont" id=1]

[sub_resource type="ImageTexture" id=1]

flags = 4
storage = 0
lossy_quality = 0.7
flags = 4
size = Vector2( 16, 16 )

[sub_resource type="StyleBoxTexture" id=2]

content_margin_left = 6.0
content_margin_right = 6.0
content_margin_top = 2.0
content_margin_bottom = 2.0
texture = SubResource( 1 )
region_rect = Rect2( 0, 0, 16, 16 )
margin_left = 4.0
margin_right = 4.0
margin_top = 4.0
margin_bottom = 4.0
expand_margin_left = 2.0
expand_margin_right = 2.0
expand_margin_top = 2.0
expand_margin_bottom = 2.0
modulate_color = Color( 1, 1, 1, 1 )
draw_center = true

[sub_resource type="ImageTexture" id=3]

flags = 4
storage = 0
lossy_quality = 0.7
flags = 4
size = Vector2( 16, 16 )

[sub_resource type="StyleBoxTexture" id=4]

content_margin_left = 6.0
content_margin_right = 6.0
content_margin_top = 2.0
content_margin_bottom = 2.0
texture = SubResource( 3 )
region_rect = Rect2( 0, 0, 16, 16 )
margin_left = 4.0
margin_right = 4.0
margin_top = 4.0
margin_bottom = 4.0
expand_margin_left = 2.0
expand_margin_right = 2.0
expand_margin_top = 2.0
expand_margin_bottom = 2.0
modulate_color = Color( 1, 1, 1, 1 )
draw_center = true

[sub_resource type="ImageTexture" id=5]

flags = 4
storage = 0
lossy_quality = 0.7
flags = 4
size = Vector2( 16, 16 )

[sub_resource type="StyleBoxTexture" id=6]

content_margin_left = 6.0
content_margin_right = 6.0
content_margin_top = 2.0
content_margin_bottom = 2.0
texture = SubResource( 5 )
region_rect = Rect2( 0, 0, 16, 16 )
margin_left = 4.0
margin_right = 4.0
margin_top = 4.0
margin_bottom = 4.0
expand_margin_left = 2.0
expand_margin_right = 2.0
expand_margin_top = 2.0
expand_margin_bottom = 2.0
modulate_color = Color( 1, 1, 1, 1 )
draw_center = true

[sub_resource type="ImageTexture" id=7]

flags = 4
storage = 0
lossy_quality = 0.7
flags = 4
size = Vector2( 16, 16 )

[sub_resource type="StyleBoxTexture" id=8]

content_margin_left = 6.0
content_margin_right = 6.0
content_margin_top = 3.0
content_margin_bottom = 3.0
texture = SubResource( 7 )
region_rect = Rect2( 0, 0, 16, 16 )
margin_left = 4.0
margin_right = 4.0
margin_top = 4.0
margin_bottom = 4.0
expand_margin_left = 2.0
expand_margin_right = 2.0
expand_margin_top = 2.0
expand_margin_bottom = 2.0
modulate_color = Color( 1, 1, 1, 1 )
draw_center = true

[sub_resource type="ImageTexture" id=9]

flags = 4
storage = 0
lossy_quality = 0.7
flags = 4
size = Vector2( 16, 16 )

[sub_resource type="StyleBoxTexture" id=10]

content_margin_left = 6.0
content_margin_right = 6.0
content_margin_top = 3.0
content_margin_bottom = 3.0
texture = SubResource( 9 )
region_rect = Rect2( 0, 0, 16, 16 )
margin_left = 4.0
margin_right = 4.0
margin_top = 4.0
margin_bottom = 4.0
expand_margin_left = 2.0
expand_margin_right = 2.0
expand_margin_top = 2.0
expand_margin_bottom = 2.0
modulate_color = Color( 1, 1, 1, 1 )
draw_center = true

[sub_resource type="StyleBoxEmpty" id=11]

content_margin_left = -1.0
content_margin_right = -1.0
content_margin_top = -1.0
content_margin_bottom = -1.0

[sub_resource type="ImageTexture" id=12]

flags = 4
storage = 0
lossy_quality = 0.7
flags = 4
size = Vector2( 16, 16 )

[sub_resource type="ImageTexture" id=13]

flags = 4
storage = 0
lossy_quality = 0.7
flags = 4
size = Vector2( 16, 16 )

[sub_resource type="ImageTexture" id=14]

flags = 4
storage = 0
lossy_quality = 0.7
flags = 4
size = Vector2( 16, 16 )

[sub_resource type="ImageTexture" id=15]

flags = 4
storage = 0
lossy_quality = 0.7
flags = 4
size = Vector2( 16, 16 )

[sub_resource type="StyleBoxEmpty" id=16]

content_margin_left = 4.0
content_margin_right = 4.0
content_margin_top = 4.0
content_margin_bottom = 4.0

[sub_resource type="ImageTexture" id=17]

flags = 4
storage = 0
lossy_quality = 0.7
flags = 4
size = Vector2( 12, 12 )

[sub_resource type="StyleBoxTexture" id=18]

content_margin_left = 4.0
content_margin_right = 4.0
content_margin_top = 4.0
content_margin_bottom = 4.0
texture = SubResource( 17 )
region_rect = Rect2( 0, 0, 12, 12 )
margin_left = 5.0
margin_right = 5.0
margin_top = 5.0
margin_bottom = 5.0
expand_margin_left = 1.0
expand_margin_right = 1.0
expand_margin_top = 1.0
expand_margin_bottom = 1.0
modulate_color = Color( 1, 1, 1, 1 )
draw_center = true

[sub_resource type="ImageTexture" id=19]

flags = 4
storage = 0
lossy_quality = 0.7
flags = 4
size = Vector2( 64, 32 )

[sub_resource type="ImageTexture" id=20]

flags = 4
storage = 0
lossy_quality = 0.7
flags = 4
size = Vector2( 64, 32 )

[sub_resource type="StyleBoxEmpty" id=21]

content_margin_left = 6.0
content_margin_right = 6.0
content_margin_top = 4.0
content_margin_bottom = 4.0

[sub_resource type="ImageTexture" id=22]

flags = 4
storage = 0
lossy_quality = 0.7
flags = 4
size = Vector2( 16, 16 )

[sub_resource type="ImageTexture" id=23]

flags = 4
storage = 0
lossy_quality = 0.7
flags = 4
size = Vector2( 1, 256 )

[sub_resource type="ImageTexture" id=24]

flags = 4
storage = 0
lossy_quality = 0.7
flags = 4
size = Vector2( 256, 20 )

[sub_resource type="ImageTexture" id=25]

flags = 4
storage = 0
lossy_quality = 0.7
flags = 4
size = Vector2( 16, 16 )

[sub_resource type="ImageTexture" id=26]

flags = 4
storage = 0
lossy_quality = 0.7
flags = 4
size = Vector2( 16, 16 )

[sub_resource type="ImageTexture" id=27]

flags = 4
storage = 0
lossy_quality = 0.7
flags = 4
size = Vector2( 16, 16 )

[sub_resource type="ImageTexture" id=28]

flags = 4
storage = 0
lossy_quality = 0.7
flags = 4
size = Vector2( 16, 16 )

[sub_resource type="ImageTexture" id=29]

flags = 4
storage = 0
lossy_quality = 0.7
flags = 4
size = Vector2( 16, 16 )

[sub_resource type="ImageTexture" id=30]

flags = 4
storage = 0
lossy_quality = 0.7
flags = 4
size = Vector2( 16, 16 )

[sub_resource type="ImageTexture" id=31]

flags = 4
storage = 0
lossy_quality = 0.7
flags = 4
size = Vector2( 16, 16 )

[sub_resource type="ImageTexture" id=32]

flags = 4
storage = 0
lossy_quality = 0.7
flags = 4
size = Vector2( 16, 16 )

[sub_resource type="ImageTexture" id=33]

flags = 4
storage = 0
lossy_quality = 0.7
flags = 4
size = Vector2( 16, 16 )

[sub_resource type="ImageTexture" id=34]

flags = 4
storage = 0
lossy_quality = 0.7
flags = 4
size = Vector2( 16, 16 )

[sub_resource type="ImageTexture" id=35]

flags = 4
storage = 0
lossy_quality = 0.7
flags = 4
size = Vector2( 10, 10 )

[sub_resource type="StyleBoxTexture" id=36]

content_margin_left = -1.0
content_margin_right = -1.0
content_margin_top = -1.0
content_margin_bottom = -1.0
texture = SubResource( 35 )
region_rect = Rect2( 0, 0, 10, 10 )
margin_left = 4.0
margin_right = 4.0
margin_top = 4.0
margin_bottom = 5.0
expand_margin_left = 0.0
expand_margin_right = 0.0
expand_margin_top = 0.0
expand_margin_bottom = 0.0
modulate_color = Color( 1, 1, 1, 1 )
draw_center = true

[sub_resource type="ImageTexture" id=37]

flags = 4
storage = 0
lossy_quality = 0.7
flags = 4
size = Vector2( 12, 12 )

[sub_resource type="ImageTexture" id=38]

flags = 4
storage = 0
lossy_quality = 0.7
flags = 4
size = Vector2( 10, 10 )

[sub_resource type="ImageTexture" id=39]

flags = 4
storage = 0
lossy_quality = 0.7
flags = 4
size = Vector2( 16, 16 )

[sub_resource type="ImageTexture" id=40]

flags = 4
storage = 0
lossy_quality = 0.7
flags = 4
size = Vector2( 16, 64 )

[sub_resource type="StyleBoxTexture" id=41]

content_margin_left = 16.0
content_margin_right = 16.0
content_margin_top = 24.0
content_margin_bottom = 5.0
texture = SubResource( 40 )
region_rect = Rect2( 0, 0, 16, 64 )
margin_left = 6.0
margin_right = 6.0
margin_top = 24.0
margin_bottom = 5.0
expand_margin_left = 0.0
expand_margin_right = 0.0
expand_margin_top = 0.0
expand_margin_bottom = 0.0
modulate_color = Color( 1, 1, 1, 1 )
draw_center = true

[sub_resource type="ImageTexture" id=42]

flags = 4
storage = 0
lossy_quality = 0.7
flags = 4
size = Vector2( 16, 64 )

[sub_resource type="StyleBoxTexture" id=43]

content_margin_left = 16.0
content_margin_right = 16.0
content_margin_top = 24.0
content_margin_bottom = 5.0
texture = SubResource( 42 )
region_rect = Rect2( 0, 0, 16, 64 )
margin_left = 6.0
margin_right = 6.0
margin_top = 24.0
margin_bottom = 5.0
expand_margin_left = 0.0
expand_margin_right = 0.0
expand_margin_top = 0.0
expand_margin_bottom = 0.0
modulate_color = Color( 1, 1, 1, 1 )
draw_center = true

[sub_resource type="ImageTexture" id=44]

flags = 4
storage = 0
lossy_quality = 0.7
flags = 4
size = Vector2( 16, 64 )

[sub_resource type="StyleBoxTexture" id=45]

content_margin_left = 16.0
content_margin_right = 16.0
content_margin_top = 24.0
content_margin_bottom = 5.0
texture = SubResource( 44 )
region_rect = Rect2( 0, 0, 16, 64 )
margin_left = 6.0
margin_right = 6.0
margin_top = 24.0
margin_bottom = 5.0
expand_margin_left = 0.0
expand_margin_right = 0.0
expand_margin_top = 0.0
expand_margin_bottom = 0.0
modulate_color = Color( 1, 1, 1, 1 )
draw_center = true

[sub_resource type="ImageTexture" id=46]

flags = 4
storage = 0
lossy_quality = 0.7
flags = 4
size = Vector2( 16, 16 )

[sub_resource type="StyleBoxTexture" id=47]

content_margin_left = 6.0
content_margin_right = 4.0
content_margin_top = 4.0
content_margin_bottom = 4.0
texture = SubResource( 46 )
region_rect = Rect2( 0, 0, 16, 16 )
margin_left = 4.0
margin_right = 4.0
margin_top = 4.0
margin_bottom = 4.0
expand_margin_left = 0.0
expand_margin_right = 0.0
expand_margin_top = 0.0
expand_margin_bottom = 0.0
modulate_color = Color( 1, 1, 1, 1 )
draw_center = true

[sub_resource type="ImageTexture" id=48]

flags = 4
storage = 0
lossy_quality = 0.7
flags = 4
size = Vector2( 16, 16 )

[sub_resource type="StyleBoxTexture" id=49]

content_margin_left = 6.0
content_margin_right = 4.0
content_margin_top = 4.0
content_margin_bottom = 4.0
texture = SubResource( 48 )
region_rect = Rect2( 0, 0, 16, 16 )
margin_left = 4.0
margin_right = 4.0
margin_top = 4.0
margin_bottom = 4.0
expand_margin_left = 0.0
expand_margin_right = 0.0
expand_margin_top = 0.0
expand_margin_bottom = 0.0
modulate_color = Color( 1, 1, 1, 1 )
draw_center = true

[sub_resource type="ImageTexture" id=50]

flags = 4
storage = 0
lossy_quality = 0.7
flags = 4
size = Vector2( 16, 64 )

[sub_resource type="StyleBoxTexture" id=51]

content_margin_left = 16.0
content_margin_right = 16.0
content_margin_top = 24.0
content_margin_bottom = 5.0
texture = SubResource( 50 )
region_rect = Rect2( 0, 0, 16, 64 )
margin_left = 6.0
margin_right = 6.0
margin_top = 24.0
margin_bottom = 5.0
expand_margin_left = 0.0
expand_margin_right = 0.0
expand_margin_top = 0.0
expand_margin_bottom = 0.0
modulate_color = Color( 1, 1, 1, 1 )
draw_center = true

[sub_resource type="ImageTexture" id=52]

flags = 4
storage = 0
lossy_quality = 0.7
flags = 4
size = Vector2( 16, 64 )

[sub_resource type="StyleBoxTexture" id=53]

content_margin_left = 16.0
content_margin_right = 16.0
content_margin_top = 24.0
content_margin_bottom = 5.0
texture = SubResource( 52 )
region_rect = Rect2( 0, 0, 16, 64 )
margin_left = 6.0
margin_right = 6.0
margin_top = 24.0
margin_bottom = 5.0
expand_margin_left = 0.0
expand_margin_right = 0.0
expand_margin_top = 0.0
expand_margin_bottom = 0.0
modulate_color = Color( 1, 1, 1, 1 )
draw_center = true

[sub_resource type="ImageTexture" id=54]

flags = 4
storage = 0
lossy_quality = 0.7
flags = 4
size = Vector2( 16, 64 )

[sub_resource type="StyleBoxTexture" id=55]

content_margin_left = 16.0
content_margin_right = 16.0
content_margin_top = 24.0
content_margin_bottom = 5.0
texture = SubResource( 54 )
region_rect = Rect2( 0, 0, 16, 64 )
margin_left = 6.0
margin_right = 6.0
margin_top = 24.0
margin_bottom = 5.0
expand_margin_left = 0.0
expand_margin_right = 0.0
expand_margin_top = 0.0
expand_margin_bottom = 0.0
modulate_color = Color( 1, 1, 1, 1 )
draw_center = true

[sub_resource type="ImageTexture" id=56]

flags = 7
storage = 0
lossy_quality = 0.7
flags = 7
size = Vector2( 0, 0 )

[sub_resource type="ImageTexture" id=57]

flags = 4
storage = 0
lossy_quality = 0.7
flags = 4
size = Vector2( 12, 12 )

[sub_resource type="StyleBoxTexture" id=58]

content_margin_left = 2.0
content_margin_right = 2.0
content_margin_top = 2.0
content_margin_bottom = 2.0
texture = SubResource( 57 )
region_rect = Rect2( 0, 0, 12, 12 )
margin_left = 5.0
margin_right = 5.0
margin_top = 5.0
margin_bottom = 5.0
expand_margin_left = 0.0
expand_margin_right = 0.0
expand_margin_top = 0.0
expand_margin_bottom = 0.0
modulate_color = Color( 1, 1, 1, 1 )
draw_center = true

[sub_resource type="ImageTexture" id=59]

flags = 4
storage = 0
lossy_quality = 0.7
flags = 4
size = Vector2( 12, 12 )

[sub_resource type="StyleBoxTexture" id=60]

content_margin_left = 2.0
content_margin_right = 2.0
content_margin_top = 2.0
content_margin_bottom = 2.0
texture = SubResource( 59 )
region_rect = Rect2( 0, 0, 12, 12 )
margin_left = 5.0
margin_right = 5.0
margin_top = 5.0
margin_bottom = 5.0
expand_margin_left = 0.0
expand_margin_right = 0.0
expand_margin_top = 0.0
expand_margin_bottom = 0.0
modulate_color = Color( 1, 1, 1, 1 )
draw_center = true

[sub_resource type="ImageTexture" id=61]

flags = 4
storage = 0
lossy_quality = 0.7
flags = 4
size = Vector2( 12, 12 )

[sub_resource type="StyleBoxTexture" id=62]

content_margin_left = 2.0
content_margin_right = 2.0
content_margin_top = 2.0
content_margin_bottom = 2.0
texture = SubResource( 61 )
region_rect = Rect2( 0, 0, 12, 12 )
margin_left = 5.0
margin_right = 5.0
margin_top = 5.0
margin_bottom = 5.0
expand_margin_left = 0.0
expand_margin_right = 0.0
expand_margin_top = 0.0
expand_margin_bottom = 0.0
modulate_color = Color( 1, 1, 1, 1 )
draw_center = true

[sub_resource type="ImageTexture" id=63]

flags = 4
storage = 0
lossy_quality = 0.7
flags = 4
size = Vector2( 12, 12 )

[sub_resource type="StyleBoxTexture" id=64]

content_margin_left = 0.0
content_margin_right = 0.0
content_margin_top = 0.0
content_margin_bottom = 0.0
texture = SubResource( 63 )
region_rect = Rect2( 0, 0, 12, 12 )
margin_left = 5.0
margin_right = 5.0
margin_top = 5.0
margin_bottom = 5.0
expand_margin_left = 0.0
expand_margin_right = 0.0
expand_margin_top = 0.0
expand_margin_bottom = 0.0
modulate_color = Color( 1, 1, 1, 1 )
draw_center = true

[sub_resource type="StyleBoxTexture" id=65]

content_margin_left = 0.0
content_margin_right = 0.0
content_margin_top = 0.0
content_margin_bottom = 0.0
texture = SubResource( 63 )
region_rect = Rect2( 0, 0, 12, 12 )
margin_left = 5.0
margin_right = 5.0
margin_top = 5.0
margin_bottom = 5.0
expand_margin_left = 0.0
expand_margin_right = 0.0
expand_margin_top = 0.0
expand_margin_bottom = 0.0
modulate_color = Color( 1, 1, 1, 1 )
draw_center = true

[sub_resource type="ImageTexture" id=66]

flags = 4
storage = 0
lossy_quality = 0.7
flags = 4
size = Vector2( 8, 8 )

[sub_resource type="StyleBoxTexture" id=67]

content_margin_left = -1.0
content_margin_right = -1.0
content_margin_top = -1.0
content_margin_bottom = -1.0
texture = SubResource( 66 )
region_rect = Rect2( 0, 0, 8, 8 )
margin_left = 3.0
margin_right = 3.0
margin_top = 3.0
margin_bottom = 3.0
expand_margin_left = 0.0
expand_margin_right = 0.0
expand_margin_top = 0.0
expand_margin_bottom = 0.0
modulate_color = Color( 1, 1, 1, 1 )
draw_center = true

[sub_resource type="ImageTexture" id=68]

flags = 4
storage = 0
lossy_quality = 0.7
flags = 4
size = Vector2( 16, 16 )

[sub_resource type="ImageTexture" id=69]

flags = 4
storage = 0
lossy_quality = 0.7
flags = 4
size = Vector2( 16, 16 )

[sub_resource type="ImageTexture" id=70]

flags = 4
storage = 0
lossy_quality = 0.7
flags = 4
size = Vector2( 16, 16 )

[sub_resource type="ImageTexture" id=71]

flags = 4
storage = 0
lossy_quality = 0.7
flags = 4
size = Vector2( 4, 16 )

[sub_resource type="ImageTexture" id=72]

flags = 4
storage = 0
lossy_quality = 0.7
flags = 4
size = Vector2( 16, 16 )

[sub_resource type="StyleBoxTexture" id=73]

content_margin_left = -1.0
content_margin_right = -1.0
content_margin_top = -1.0
content_margin_bottom = -1.0
texture = SubResource( 72 )
region_rect = Rect2( 0, 0, 16, 16 )
margin_left = 4.0
margin_right = 4.0
margin_top = 4.0
margin_bottom = 4.0
expand_margin_left = 0.0
expand_margin_right = 0.0
expand_margin_top = 0.0
expand_margin_bottom = 0.0
modulate_color = Color( 1, 1, 1, 1 )
draw_center = true

[sub_resource type="ImageTexture" id=74]

flags = 4
storage = 0
lossy_quality = 0.7
flags = 4
size = Vector2( 16, 16 )

[sub_resource type="StyleBoxTexture" id=75]

content_margin_left = -1.0
content_margin_right = -1.0
content_margin_top = -1.0
content_margin_bottom = -1.0
texture = SubResource( 74 )
region_rect = Rect2( 0, 0, 16, 16 )
margin_left = 6.0
margin_right = 6.0
margin_top = 6.0
margin_bottom = 6.0
expand_margin_left = 0.0
expand_margin_right = 0.0
expand_margin_top = 0.0
expand_margin_bottom = 0.0
modulate_color = Color( 1, 1, 1, 1 )
draw_center = true

[sub_resource type="ImageTexture" id=76]

flags = 4
storage = 0
lossy_quality = 0.7
flags = 4
size = Vector2( 16, 16 )

[sub_resource type="StyleBoxTexture" id=77]

content_margin_left = -1.0
content_margin_right = -1.0
content_margin_top = -1.0
content_margin_bottom = -1.0
texture = SubResource( 76 )
region_rect = Rect2( 0, 0, 16, 16 )
margin_left = 6.0
margin_right = 6.0
margin_top = 6.0
margin_bottom = 6.0
expand_margin_left = 0.0
expand_margin_right = 0.0
expand_margin_top = 0.0
expand_margin_bottom = 0.0
modulate_color = Color( 1, 1, 1, 1 )
draw_center = true

[sub_resource type="StyleBoxTexture" id=78]

content_margin_left = -1.0
content_margin_right = -1.0
content_margin_top = -1.0
content_margin_bottom = -1.0
texture = SubResource( 72 )
region_rect = Rect2( 0, 0, 16, 16 )
margin_left = 4.0
margin_right = 4.0
margin_top = 4.0
margin_bottom = 4.0
expand_margin_left = 0.0
expand_margin_right = 0.0
expand_margin_top = 0.0
expand_margin_bottom = 0.0
modulate_color = Color( 1, 1, 1, 1 )
draw_center = true

[sub_resource type="ImageTexture" id=79]

flags = 4
storage = 0
lossy_quality = 0.7
flags = 4
size = Vector2( 8, 64 )

[sub_resource type="ImageTexture" id=80]

flags = 4
storage = 0
lossy_quality = 0.7
flags = 4
size = Vector2( 8, 8 )

[sub_resource type="StyleBoxTexture" id=81]

content_margin_left = -1.0
content_margin_right = -1.0
content_margin_top = -1.0
content_margin_bottom = -1.0
texture = SubResource( 80 )
region_rect = Rect2( 0, 0, 8, 8 )
margin_left = 1.0
margin_right = 1.0
margin_top = 1.0
margin_bottom = 1.0
expand_margin_left = 0.0
expand_margin_right = 0.0
expand_margin_top = 0.0
expand_margin_bottom = 0.0
modulate_color = Color( 1, 1, 1, 1 )
draw_center = true

[sub_resource type="ImageTexture" id=82]

flags = 4
storage = 0
lossy_quality = 0.7
flags = 4
size = Vector2( 16, 16 )

[sub_resource type="ImageTexture" id=83]

flags = 4
storage = 0
lossy_quality = 0.7
flags = 4
size = Vector2( 128, 128 )

[sub_resource type="StyleBoxTexture" id=84]

content_margin_left = -1.0
content_margin_right = -1.0
content_margin_top = -1.0
content_margin_bottom = -1.0
texture = SubResource( 35 )
region_rect = Rect2( 0, 0, 10, 10 )
margin_left = 4.0
margin_right = 4.0
margin_top = 4.0
margin_bottom = 5.0
expand_margin_left = 0.0
expand_margin_right = 0.0
expand_margin_top = 0.0
expand_margin_bottom = 0.0
modulate_color = Color( 1, 1, 1, 1 )
draw_center = true

[sub_resource type="ImageTexture" id=85]

flags = 4
storage = 0
lossy_quality = 0.7
flags = 4
size = Vector2( 16, 16 )

[sub_resource type="StyleBoxTexture" id=86]

content_margin_left = 8.0
content_margin_right = 8.0
content_margin_top = 2.0
content_margin_bottom = 2.0
texture = SubResource( 85 )
region_rect = Rect2( 0, 0, 16, 16 )
margin_left = 4.0
margin_right = 4.0
margin_top = 4.0
margin_bottom = 4.0
expand_margin_left = 0.0
expand_margin_right = 0.0
expand_margin_top = 0.0
expand_margin_bottom = 0.0
modulate_color = Color( 1, 1, 1, 1 )
draw_center = true

[sub_resource type="ImageTexture" id=87]

flags = 4
storage = 0
lossy_quality = 0.7
flags = 4
size = Vector2( 16, 16 )

[sub_resource type="StyleBoxTexture" id=88]

content_margin_left = 8.0
content_margin_right = 8.0
content_margin_top = 2.0
content_margin_bottom = 2.0
texture = SubResource( 87 )
region_rect = Rect2( 0, 0, 16, 16 )
margin_left = 4.0
margin_right = 4.0
margin_top = 4.0
margin_bottom = 4.0
expand_margin_left = 0.0
expand_margin_right = 0.0
expand_margin_top = 0.0
expand_margin_bottom = 0.0
modulate_color = Color( 1, 1, 1, 1 )
draw_center = true

[sub_resource type="StyleBoxEmpty" id=89]

content_margin_left = -1.0
content_margin_right = -1.0
content_margin_top = -1.0
content_margin_bottom = -1.0

[sub_resource type="ImageTexture" id=90]

flags = 4
storage = 0
lossy_quality = 0.7
flags = 4
size = Vector2( 10, 10 )

[sub_resource type="StyleBoxTexture" id=91]

content_margin_left = -1.0
content_margin_right = -1.0
content_margin_top = -1.0
content_margin_bottom = -1.0
texture = SubResource( 90 )
region_rect = Rect2( 0, 0, 10, 10 )
margin_left = 5.0
margin_right = 5.0
margin_top = 5.0
margin_bottom = 5.0
expand_margin_left = 0.0
expand_margin_right = 0.0
expand_margin_top = 0.0
expand_margin_bottom = 0.0
modulate_color = Color( 1, 1, 1, 1 )
draw_center = true

[sub_resource type="ImageTexture" id=92]

flags = 4
storage = 0
lossy_quality = 0.7
flags = 4
size = Vector2( 10, 10 )

[sub_resource type="StyleBoxTexture" id=93]

content_margin_left = -1.0
content_margin_right = -1.0
content_margin_top = -1.0
content_margin_bottom = -1.0
texture = SubResource( 92 )
region_rect = Rect2( 0, 0, 10, 10 )
margin_left = 6.0
margin_right = 6.0
margin_top = 6.0
margin_bottom = 6.0
expand_margin_left = 0.0
expand_margin_right = 0.0
expand_margin_top = 0.0
expand_margin_bottom = 0.0
modulate_color = Color( 1, 1, 1, 1 )
draw_center = true

[sub_resource type="ImageTexture" id=94]

flags = 4
storage = 0
lossy_quality = 0.7
flags = 4
size = Vector2( 12, 12 )

[sub_resource type="ImageTexture" id=95]

flags = 4
storage = 0
lossy_quality = 0.7
flags = 4
size = Vector2( 32, 16 )

[sub_resource type="StyleBoxTexture" id=96]

content_margin_left = 6.0
content_margin_right = 21.0
content_margin_top = 2.0
content_margin_bottom = 2.0
texture = SubResource( 95 )
region_rect = Rect2( 0, 0, 32, 16 )
margin_left = 4.0
margin_right = 21.0
margin_top = 4.0
margin_bottom = 4.0
expand_margin_left = 2.0
expand_margin_right = 2.0
expand_margin_top = 2.0
expand_margin_bottom = 2.0
modulate_color = Color( 1, 1, 1, 1 )
draw_center = true

[sub_resource type="StyleBoxTexture" id=97]

content_margin_left = 6.0
content_margin_right = 6.0
content_margin_top = 2.0
content_margin_bottom = 2.0
texture = SubResource( 3 )
region_rect = Rect2( 0, 0, 16, 16 )
margin_left = 4.0
margin_right = 4.0
margin_top = 4.0
margin_bottom = 4.0
expand_margin_left = 2.0
expand_margin_right = 2.0
expand_margin_top = 2.0
expand_margin_bottom = 2.0
modulate_color = Color( 1, 1, 1, 1 )
draw_center = true

[sub_resource type="ImageTexture" id=98]

flags = 4
storage = 0
lossy_quality = 0.7
flags = 4
size = Vector2( 32, 16 )

[sub_resource type="StyleBoxTexture" id=99]

content_margin_left = 6.0
content_margin_right = 21.0
content_margin_top = 2.0
content_margin_bottom = 2.0
texture = SubResource( 98 )
region_rect = Rect2( 0, 0, 32, 16 )
margin_left = 4.0
margin_right = 21.0
margin_top = 4.0
margin_bottom = 4.0
expand_margin_left = 2.0
expand_margin_right = 2.0
expand_margin_top = 2.0
expand_margin_bottom = 2.0
modulate_color = Color( 1, 1, 1, 1 )
draw_center = true

[sub_resource type="ImageTexture" id=100]

flags = 4
storage = 0
lossy_quality = 0.7
flags = 4
size = Vector2( 32, 16 )

[sub_resource type="StyleBoxTexture" id=101]

content_margin_left = 6.0
content_margin_right = 21.0
content_margin_top = 3.0
content_margin_bottom = 3.0
texture = SubResource( 100 )
region_rect = Rect2( 0, 0, 32, 16 )
margin_left = 4.0
margin_right = 21.0
margin_top = 4.0
margin_bottom = 4.0
expand_margin_left = 2.0
expand_margin_right = 2.0
expand_margin_top = 2.0
expand_margin_bottom = 2.0
modulate_color = Color( 1, 1, 1, 1 )
draw_center = true

[sub_resource type="ImageTexture" id=102]

flags = 4
storage = 0
lossy_quality = 0.7
flags = 4
size = Vector2( 32, 16 )

[sub_resource type="StyleBoxTexture" id=103]

content_margin_left = 6.0
content_margin_right = 21.0
content_margin_top = 3.0
content_margin_bottom = 3.0
texture = SubResource( 102 )
region_rect = Rect2( 0, 0, 32, 16 )
margin_left = 4.0
margin_right = 21.0
margin_top = 4.0
margin_bottom = 4.0
expand_margin_left = 2.0
expand_margin_right = 2.0
expand_margin_top = 2.0
expand_margin_bottom = 2.0
modulate_color = Color( 1, 1, 1, 1 )
draw_center = true

[sub_resource type="ImageTexture" id=104]

flags = 4
storage = 0
lossy_quality = 0.7
flags = 4
size = Vector2( 8, 8 )

[sub_resource type="StyleBoxTexture" id=105]

content_margin_left = -1.0
content_margin_right = -1.0
content_margin_top = -1.0
content_margin_bottom = -1.0
texture = SubResource( 104 )
region_rect = Rect2( 0, 0, 8, 8 )
margin_left = 0.0
margin_right = 0.0
margin_top = 0.0
margin_bottom = 0.0
expand_margin_left = 0.0
expand_margin_right = 0.0
expand_margin_top = 0.0
expand_margin_bottom = 0.0
modulate_color = Color( 1, 1, 1, 1 )
draw_center = true

[sub_resource type="ImageTexture" id=106]

flags = 4
storage = 0
lossy_quality = 0.7
flags = 4
size = Vector2( 16, 16 )

[sub_resource type="StyleBoxTexture" id=107]

content_margin_left = 4.0
content_margin_right = 4.0
content_margin_top = 8.0
content_margin_bottom = 4.0
texture = SubResource( 106 )
region_rect = Rect2( 0, 0, 16, 16 )
margin_left = 4.0
margin_right = 4.0
margin_top = 4.0
margin_bottom = 4.0
expand_margin_left = 3.0
expand_margin_right = 3.0
expand_margin_top = 2.0
expand_margin_bottom = 3.0
modulate_color = Color( 1, 1, 1, 1 )
draw_center = true

[sub_resource type="ImageTexture" id=108]

flags = 4
storage = 0
lossy_quality = 0.7
flags = 4
size = Vector2( 32, 32 )

[sub_resource type="StyleBoxTexture" id=109]

content_margin_left = -1.0
content_margin_right = -1.0
content_margin_top = -1.0
content_margin_bottom = -1.0
texture = SubResource( 108 )
region_rect = Rect2( 0, 0, 32, 32 )
margin_left = 8.0
margin_right = 8.0
margin_top = 8.0
margin_bottom = 8.0
expand_margin_left = 0.0
expand_margin_right = 0.0
expand_margin_top = 0.0
expand_margin_bottom = 0.0
modulate_color = Color( 1, 1, 1, 1 )
draw_center = false

[sub_resource type="StyleBoxTexture" id=110]

content_margin_left = 7.0
content_margin_right = 7.0
content_margin_top = 7.0
content_margin_bottom = 7.0
texture = SubResource( 106 )
region_rect = Rect2( 0, 0, 16, 16 )
margin_left = 4.0
margin_right = 4.0
margin_top = 4.0
margin_bottom = 4.0
expand_margin_left = 0.0
expand_margin_right = 0.0
expand_margin_top = 0.0
expand_margin_bottom = 0.0
modulate_color = Color( 1, 1, 1, 1 )
draw_center = true

[sub_resource type="ImageTexture" id=111]

flags = 4
storage = 0
lossy_quality = 0.7
flags = 4
size = Vector2( 16, 16 )

[sub_resource type="ImageTexture" id=112]

flags = 4
storage = 0
lossy_quality = 0.7
flags = 4
size = Vector2( 8, 8 )

[sub_resource type="ImageTexture" id=113]

flags = 4
storage = 0
lossy_quality = 0.7
flags = 4
size = Vector2( 16, 16 )

[sub_resource type="StyleBoxTexture" id=114]

content_margin_left = -1.0
content_margin_right = -1.0
content_margin_top = -1.0
content_margin_bottom = -1.0
texture = SubResource( 87 )
region_rect = Rect2( 0, 0, 16, 16 )
margin_left = 6.0
margin_right = 6.0
margin_top = 6.0
margin_bottom = 6.0
expand_margin_left = 2.0
expand_margin_right = 2.0
expand_margin_top = 2.0
expand_margin_bottom = 2.0
modulate_color = Color( 1, 1, 1, 1 )
draw_center = true

[sub_resource type="ImageTexture" id=115]

flags = 4
storage = 0
lossy_quality = 0.7
flags = 4
size = Vector2( 16, 16 )

[sub_resource type="StyleBoxTexture" id=116]

content_margin_left = 10.0
content_margin_right = 10.0
content_margin_top = 10.0
content_margin_bottom = 10.0
texture = SubResource( 115 )
region_rect = Rect2( 0, 0, 16, 16 )
margin_left = 4.0
margin_right = 4.0
margin_top = 4.0
margin_bottom = 4.0
expand_margin_left = 0.0
expand_margin_right = 0.0
expand_margin_top = 0.0
expand_margin_bottom = 0.0
modulate_color = Color( 1, 1, 1, 1 )
draw_center = true

[sub_resource type="ImageTexture" id=117]

flags = 4
storage = 0
lossy_quality = 0.7
flags = 4
size = Vector2( 16, 16 )

[sub_resource type="StyleBoxTexture" id=118]

content_margin_left = -1.0
content_margin_right = -1.0
content_margin_top = -1.0
content_margin_bottom = -1.0
texture = SubResource( 117 )
region_rect = Rect2( 0, 0, 16, 16 )
margin_left = 4.0
margin_right = 4.0
margin_top = 4.0
margin_bottom = 4.0
expand_margin_left = 0.0
expand_margin_right = 0.0
expand_margin_top = 0.0
expand_margin_bottom = 0.0
modulate_color = Color( 1, 1, 1, 1 )
draw_center = true

[sub_resource type="StyleBoxTexture" id=119]

content_margin_left = -1.0
content_margin_right = -1.0
content_margin_top = -1.0
content_margin_bottom = -1.0
texture = SubResource( 66 )
region_rect = Rect2( 0, 0, 8, 8 )
margin_left = 3.0
margin_right = 3.0
margin_top = 3.0
margin_bottom = 3.0
expand_margin_left = 0.0
expand_margin_right = 0.0
expand_margin_top = 0.0
expand_margin_bottom = 0.0
modulate_color = Color( 1, 1, 1, 1 )
draw_center = true

[sub_resource type="StyleBoxTexture" id=120]

content_margin_left = 4.0
content_margin_right = 4.0
content_margin_top = 4.0
content_margin_bottom = 4.0
texture = SubResource( 115 )
region_rect = Rect2( 0, 0, 16, 16 )
margin_left = 5.0
margin_right = 5.0
margin_top = 5.0
margin_bottom = 5.0
expand_margin_left = 2.0
expand_margin_right = 2.0
expand_margin_top = 2.0
expand_margin_bottom = 2.0
modulate_color = Color( 1, 1, 1, 1 )
draw_center = true

[sub_resource type="ImageTexture" id=121]

flags = 4
storage = 0
lossy_quality = 0.7
flags = 4
size = Vector2( 16, 16 )

[sub_resource type="StyleBoxTexture" id=122]

content_margin_left = 0.0
content_margin_right = 0.0
content_margin_top = 0.0
content_margin_bottom = 0.0
texture = SubResource( 121 )
region_rect = Rect2( 0, 0, 16, 16 )
margin_left = 4.0
margin_right = 4.0
margin_top = 4.0
margin_bottom = 4.0
expand_margin_left = 0.0
expand_margin_right = 0.0
expand_margin_top = 0.0
expand_margin_bottom = 0.0
modulate_color = Color( 1, 1, 1, 1 )
draw_center = true

[sub_resource type="ImageTexture" id=123]

flags = 4
storage = 0
lossy_quality = 0.7
flags = 4
size = Vector2( 16, 16 )

[sub_resource type="StyleBoxTexture" id=124]

content_margin_left = 2.0
content_margin_right = 2.0
content_margin_top = 1.0
content_margin_bottom = 1.0
texture = SubResource( 123 )
region_rect = Rect2( 0, 0, 16, 16 )
margin_left = 6.0
margin_right = 6.0
margin_top = 6.0
margin_bottom = 6.0
expand_margin_left = 0.0
expand_margin_right = 0.0
expand_margin_top = 0.0
expand_margin_bottom = 0.0
modulate_color = Color( 1, 1, 1, 1 )
draw_center = true

[sub_resource type="ImageTexture" id=125]

flags = 4
storage = 0
lossy_quality = 0.7
flags = 4
size = Vector2( 16, 16 )

[sub_resource type="StyleBoxTexture" id=126]

content_margin_left = -1.0
content_margin_right = -1.0
content_margin_top = -1.0
content_margin_bottom = -1.0
texture = SubResource( 125 )
region_rect = Rect2( 0, 0, 16, 16 )
margin_left = 4.0
margin_right = 4.0
margin_top = 4.0
margin_bottom = 4.0
expand_margin_left = 0.0
expand_margin_right = 0.0
expand_margin_top = 0.0
expand_margin_bottom = 0.0
modulate_color = Color( 1, 1, 1, 1 )
draw_center = true

[sub_resource type="StyleBoxEmpty" id=127]

content_margin_left = 0.0
content_margin_right = 0.0
content_margin_top = 0.0
content_margin_bottom = 0.0

[sub_resource type="ImageTexture" id=128]

flags = 4
storage = 0
lossy_quality = 0.7
flags = 4
size = Vector2( 16, 16 )

[sub_resource type="ImageTexture" id=129]

flags = 4
storage = 0
lossy_quality = 0.7
flags = 4
size = Vector2( 16, 16 )

[sub_resource type="ImageTexture" id=130]

flags = 4
storage = 0
lossy_quality = 0.7
flags = 4
size = Vector2( 16, 16 )

[sub_resource type="ImageTexture" id=131]

flags = 4
storage = 0
lossy_quality = 0.7
flags = 4
size = Vector2( 16, 16 )

[sub_resource type="ImageTexture" id=132]

flags = 4
storage = 0
lossy_quality = 0.7
flags = 4
size = Vector2( 16, 16 )

[sub_resource type="ImageTexture" id=133]

flags = 4
storage = 0
lossy_quality = 0.7
flags = 4
size = Vector2( 16, 16 )

[sub_resource type="ImageTexture" id=134]

flags = 4
storage = 0
lossy_quality = 0.7
flags = 4
size = Vector2( 16, 16 )

[sub_resource type="ImageTexture" id=135]

flags = 4
storage = 0
lossy_quality = 0.7
flags = 4
size = Vector2( 16, 16 )

[sub_resource type="StyleBoxTexture" id=136]

content_margin_left = 16.0
content_margin_right = 16.0
content_margin_top = 6.0
content_margin_bottom = 4.0
texture = SubResource( 135 )
region_rect = Rect2( 0, 0, 16, 16 )
margin_left = 5.0
margin_right = 5.0
margin_top = 5.0
margin_bottom = 1.0
expand_margin_left = 3.0
expand_margin_right = 3.0
expand_margin_top = 0.0
expand_margin_bottom = 3.0
modulate_color = Color( 1, 1, 1, 1 )
draw_center = true

[sub_resource type="ImageTexture" id=137]

flags = 4
storage = 0
lossy_quality = 0.7
flags = 4
size = Vector2( 16, 16 )

[sub_resource type="StyleBoxTexture" id=138]

content_margin_left = 16.0
content_margin_right = 16.0
content_margin_top = 4.0
content_margin_bottom = 4.0
texture = SubResource( 137 )
region_rect = Rect2( 0, 0, 16, 16 )
margin_left = 4.0
margin_right = 4.0
margin_top = 4.0
margin_bottom = 1.0
expand_margin_left = 2.0
expand_margin_right = 2.0
expand_margin_top = 2.0
expand_margin_bottom = 2.0
modulate_color = Color( 1, 1, 1, 1 )
draw_center = true

[sub_resource type="ImageTexture" id=139]

flags = 4
storage = 0
lossy_quality = 0.7
flags = 4
size = Vector2( 16, 16 )

[sub_resource type="ImageTexture" id=140]

flags = 4
storage = 0
lossy_quality = 0.7
flags = 4
size = Vector2( 16, 16 )

[sub_resource type="ImageTexture" id=141]

flags = 4
storage = 0
lossy_quality = 0.7
flags = 4
size = Vector2( 16, 16 )

[sub_resource type="ImageTexture" id=142]

flags = 4
storage = 0
lossy_quality = 0.7
flags = 4
size = Vector2( 16, 16 )

[sub_resource type="ImageTexture" id=143]

flags = 4
storage = 0
lossy_quality = 0.7
flags = 4
size = Vector2( 16, 16 )

[sub_resource type="StyleBoxTexture" id=144]

content_margin_left = -1.0
content_margin_right = -1.0
content_margin_top = -1.0
content_margin_bottom = -1.0
texture = SubResource( 7 )
region_rect = Rect2( 0, 0, 16, 16 )
margin_left = 4.0
margin_right = 4.0
margin_top = 4.0
margin_bottom = 4.0
expand_margin_left = 0.0
expand_margin_right = 0.0
expand_margin_top = 0.0
expand_margin_bottom = 0.0
modulate_color = Color( 1, 1, 1, 1 )
draw_center = true

[sub_resource type="StyleBoxTexture" id=145]

content_margin_left = -1.0
content_margin_right = -1.0
content_margin_top = -1.0
content_margin_bottom = -1.0
texture = SubResource( 9 )
region_rect = Rect2( 0, 0, 16, 16 )
margin_left = 4.0
margin_right = 4.0
margin_top = 4.0
margin_bottom = 4.0
expand_margin_left = 0.0
expand_margin_right = 0.0
expand_margin_top = 0.0
expand_margin_bottom = 0.0
modulate_color = Color( 1, 1, 1, 1 )
draw_center = true

[sub_resource type="StyleBoxTexture" id=146]

content_margin_left = 16.0
content_margin_right = 16.0
content_margin_top = 5.0
content_margin_bottom = 2.0
texture = SubResource( 135 )
region_rect = Rect2( 0, 0, 16, 16 )
margin_left = 5.0
margin_right = 5.0
margin_top = 4.0
margin_bottom = 1.0
expand_margin_left = 3.0
expand_margin_right = 3.0
expand_margin_top = 3.0
expand_margin_bottom = 3.0
modulate_color = Color( 1, 1, 1, 1 )
draw_center = true

[sub_resource type="StyleBoxTexture" id=147]

content_margin_left = 16.0
content_margin_right = 16.0
content_margin_top = 3.0
content_margin_bottom = 2.0
texture = SubResource( 137 )
region_rect = Rect2( 0, 0, 16, 16 )
margin_left = 4.0
margin_right = 4.0
margin_top = 3.0
margin_bottom = 1.0
expand_margin_left = 2.0
expand_margin_right = 2.0
expand_margin_top = 2.0
expand_margin_bottom = 2.0
modulate_color = Color( 1, 1, 1, 1 )
draw_center = true

[sub_resource type="ImageTexture" id=148]

flags = 4
storage = 0
lossy_quality = 0.7
flags = 4
size = Vector2( 8, 8 )

[sub_resource type="StyleBoxTexture" id=149]

content_margin_left = -1.0
content_margin_right = -1.0
content_margin_top = -1.0
content_margin_bottom = -1.0
texture = SubResource( 35 )
region_rect = Rect2( 0, 0, 10, 10 )
margin_left = 3.0
margin_right = 3.0
margin_top = 3.0
margin_bottom = 3.0
expand_margin_left = 0.0
expand_margin_right = 0.0
expand_margin_top = 0.0
expand_margin_bottom = 0.0
modulate_color = Color( 1, 1, 1, 1 )
draw_center = true

[sub_resource type="StyleBoxTexture" id=150]

content_margin_left = -1.0
content_margin_right = -1.0
content_margin_top = -1.0
content_margin_bottom = -1.0
texture = SubResource( 35 )
region_rect = Rect2( 0, 0, 10, 10 )
margin_left = 3.0
margin_right = 3.0
margin_top = 3.0
margin_bottom = 3.0
expand_margin_left = 0.0
expand_margin_right = 0.0
expand_margin_top = 0.0
expand_margin_bottom = 0.0
modulate_color = Color( 1, 1, 1, 1 )
draw_center = true

[sub_resource type="ImageTexture" id=151]

flags = 4
storage = 0
lossy_quality = 0.7
flags = 4
size = Vector2( 10, 10 )

[sub_resource type="StyleBoxTexture" id=152]

content_margin_left = -1.0
content_margin_right = -1.0
content_margin_top = -1.0
content_margin_bottom = -1.0
texture = SubResource( 151 )
region_rect = Rect2( 0, 0, 10, 10 )
margin_left = 4.0
margin_right = 4.0
margin_top = 4.0
margin_bottom = 4.0
expand_margin_left = 0.0
expand_margin_right = 0.0
expand_margin_top = 0.0
expand_margin_bottom = 0.0
modulate_color = Color( 1, 1, 1, 1 )
draw_center = true

[sub_resource type="StyleBoxEmpty" id=153]

content_margin_left = 6.0
content_margin_right = 6.0
content_margin_top = 4.0
content_margin_bottom = 4.0

[sub_resource type="StyleBoxTexture" id=154]

content_margin_left = 6.0
content_margin_right = 6.0
content_margin_top = 4.0
content_margin_bottom = 4.0
texture = SubResource( 7 )
region_rect = Rect2( 0, 0, 16, 16 )
margin_left = 4.0
margin_right = 4.0
margin_top = 4.0
margin_bottom = 4.0
expand_margin_left = 0.0
expand_margin_right = 0.0
expand_margin_top = 0.0
expand_margin_bottom = 0.0
modulate_color = Color( 1, 1, 1, 1 )
draw_center = true

[sub_resource type="StyleBoxEmpty" id=155]

content_margin_left = 6.0
content_margin_right = 6.0
content_margin_top = 4.0
content_margin_bottom = 4.0

[sub_resource type="StyleBoxTexture" id=156]

content_margin_left = 6.0
content_margin_right = 6.0
content_margin_top = 4.0
content_margin_bottom = 4.0
texture = SubResource( 9 )
region_rect = Rect2( 0, 0, 16, 16 )
margin_left = 4.0
margin_right = 4.0
margin_top = 4.0
margin_bottom = 4.0
expand_margin_left = 0.0
expand_margin_right = 0.0
expand_margin_top = 0.0
expand_margin_bottom = 0.0
modulate_color = Color( 1, 1, 1, 1 )
draw_center = true

[sub_resource type="ImageTexture" id=157]

flags = 4
storage = 0
lossy_quality = 0.7
flags = 4
size = Vector2( 16, 16 )

[sub_resource type="StyleBoxTexture" id=158]

content_margin_left = -1.0
content_margin_right = -1.0
content_margin_top = -1.0
content_margin_bottom = -1.0
texture = SubResource( 157 )
region_rect = Rect2( 0, 0, 16, 16 )
margin_left = 4.0
margin_right = 4.0
margin_top = 4.0
margin_bottom = 4.0
expand_margin_left = 4.0
expand_margin_right = 4.0
expand_margin_top = 4.0
expand_margin_bottom = 4.0
modulate_color = Color( 1, 1, 1, 1 )
draw_center = true

[sub_resource type="ImageTexture" id=159]

flags = 4
storage = 0
lossy_quality = 0.7
flags = 4
size = Vector2( 12, 12 )

[sub_resource type="ImageTexture" id=160]

flags = 4
storage = 0
lossy_quality = 0.7
flags = 4
size = Vector2( 12, 12 )

[sub_resource type="ImageTexture" id=161]

flags = 4
storage = 0
lossy_quality = 0.7
flags = 4
size = Vector2( 16, 16 )

[sub_resource type="ImageTexture" id=162]

flags = 4
storage = 0
lossy_quality = 0.7
flags = 4
size = Vector2( 8, 8 )

[sub_resource type="ImageTexture" id=163]

flags = 4
storage = 0
lossy_quality = 0.7
flags = 4
size = Vector2( 16, 16 )

[sub_resource type="ImageTexture" id=164]

flags = 4
storage = 0
lossy_quality = 0.7
flags = 4
size = Vector2( 8, 16 )

[sub_resource type="StyleBoxTexture" id=165]

content_margin_left = -1.0
content_margin_right = -1.0
content_margin_top = -1.0
content_margin_bottom = -1.0
texture = SubResource( 35 )
region_rect = Rect2( 0, 0, 10, 10 )
margin_left = 4.0
margin_right = 4.0
margin_top = 4.0
margin_bottom = 5.0
expand_margin_left = 0.0
expand_margin_right = 0.0
expand_margin_top = 0.0
expand_margin_bottom = 0.0
modulate_color = Color( 1, 1, 1, 1 )
draw_center = true

[sub_resource type="StyleBoxTexture" id=166]

content_margin_left = -1.0
content_margin_right = -1.0
content_margin_top = -1.0
content_margin_bottom = -1.0
texture = SubResource( 9 )
region_rect = Rect2( 0, 0, 16, 16 )
margin_left = 4.0
margin_right = 4.0
margin_top = 4.0
margin_bottom = 4.0
expand_margin_left = 0.0
expand_margin_right = 0.0
expand_margin_top = 0.0
expand_margin_bottom = 0.0
modulate_color = Color( 1, 1, 1, 1 )
draw_center = true

[sub_resource type="StyleBoxTexture" id=167]

content_margin_left = 8.0
content_margin_right = 8.0
content_margin_top = 0.0
content_margin_bottom = 0.0
texture = SubResource( 85 )
region_rect = Rect2( 0, 0, 16, 16 )
margin_left = 4.0
margin_right = 4.0
margin_top = 4.0
margin_bottom = 4.0
expand_margin_left = 0.0
expand_margin_right = 0.0
expand_margin_top = 0.0
expand_margin_bottom = 0.0
modulate_color = Color( 1, 1, 1, 1 )
draw_center = true

[sub_resource type="StyleBoxTexture" id=168]

content_margin_left = 8.0
content_margin_right = 8.0
content_margin_top = 0.0
content_margin_bottom = 0.0
texture = SubResource( 87 )
region_rect = Rect2( 0, 0, 16, 16 )
margin_left = 4.0
margin_right = 4.0
margin_top = 4.0
margin_bottom = 4.0
expand_margin_left = 0.0
expand_margin_right = 0.0
expand_margin_top = 0.0
expand_margin_bottom = 0.0
modulate_color = Color( 1, 1, 1, 1 )
draw_center = true

[sub_resource type="ImageTexture" id=169]

flags = 4
storage = 0
lossy_quality = 0.7
flags = 4
size = Vector2( 16, 16 )

[sub_resource type="StyleBoxTexture" id=170]

content_margin_left = -1.0
content_margin_right = -1.0
content_margin_top = -1.0
content_margin_bottom = -1.0
texture = SubResource( 169 )
region_rect = Rect2( 0, 0, 16, 16 )
margin_left = 4.0
margin_right = 4.0
margin_top = 4.0
margin_bottom = 4.0
expand_margin_left = 0.0
expand_margin_right = 0.0
expand_margin_top = 0.0
expand_margin_bottom = 0.0
modulate_color = Color( 1, 1, 1, 1 )
draw_center = true

[sub_resource type="StyleBoxTexture" id=171]

content_margin_left = -1.0
content_margin_right = -1.0
content_margin_top = -1.0
content_margin_bottom = -1.0
texture = SubResource( 169 )
region_rect = Rect2( 0, 0, 16, 16 )
margin_left = 4.0
margin_right = 4.0
margin_top = 4.0
margin_bottom = 4.0
expand_margin_left = 0.0
expand_margin_right = 0.0
expand_margin_top = 0.0
expand_margin_bottom = 0.0
modulate_color = Color( 1, 1, 1, 1 )
draw_center = true

[sub_resource type="ImageTexture" id=172]

flags = 4
storage = 0
lossy_quality = 0.7
flags = 4
size = Vector2( 16, 16 )

[sub_resource type="StyleBoxTexture" id=173]

content_margin_left = -1.0
content_margin_right = -1.0
content_margin_top = -1.0
content_margin_bottom = -1.0
texture = SubResource( 172 )
region_rect = Rect2( 0, 0, 16, 16 )
margin_left = 4.0
margin_right = 4.0
margin_top = 4.0
margin_bottom = 4.0
expand_margin_left = 0.0
expand_margin_right = 0.0
expand_margin_top = 0.0
expand_margin_bottom = 0.0
modulate_color = Color( 1, 1, 1, 1 )
draw_center = true

[sub_resource type="StyleBoxTexture" id=174]

content_margin_left = 2.0
content_margin_right = 2.0
content_margin_top = 2.0
content_margin_bottom = 2.0
texture = SubResource( 57 )
region_rect = Rect2( 0, 0, 12, 12 )
margin_left = 5.0
margin_right = 5.0
margin_top = 5.0
margin_bottom = 5.0
expand_margin_left = 0.0
expand_margin_right = 0.0
expand_margin_top = 0.0
expand_margin_bottom = 0.0
modulate_color = Color( 1, 1, 1, 1 )
draw_center = true

[sub_resource type="StyleBoxTexture" id=175]

content_margin_left = 2.0
content_margin_right = 2.0
content_margin_top = 2.0
content_margin_bottom = 2.0
texture = SubResource( 59 )
region_rect = Rect2( 0, 0, 12, 12 )
margin_left = 5.0
margin_right = 5.0
margin_top = 5.0
margin_bottom = 5.0
expand_margin_left = 0.0
expand_margin_right = 0.0
expand_margin_top = 0.0
expand_margin_bottom = 0.0
modulate_color = Color( 1, 1, 1, 1 )
draw_center = true

[sub_resource type="StyleBoxTexture" id=176]

content_margin_left = 2.0
content_margin_right = 2.0
content_margin_top = 2.0
content_margin_bottom = 2.0
texture = SubResource( 61 )
region_rect = Rect2( 0, 0, 12, 12 )
margin_left = 5.0
margin_right = 5.0
margin_top = 5.0
margin_bottom = 5.0
expand_margin_left = 0.0
expand_margin_right = 0.0
expand_margin_top = 0.0
expand_margin_bottom = 0.0
modulate_color = Color( 1, 1, 1, 1 )
draw_center = true

[sub_resource type="StyleBoxTexture" id=177]

content_margin_left = 0.0
content_margin_right = 0.0
content_margin_top = 0.0
content_margin_bottom = 0.0
texture = SubResource( 63 )
region_rect = Rect2( 0, 0, 12, 12 )
margin_left = 5.0
margin_right = 5.0
margin_top = 5.0
margin_bottom = 5.0
expand_margin_left = 0.0
expand_margin_right = 0.0
expand_margin_top = 0.0
expand_margin_bottom = 0.0
modulate_color = Color( 1, 1, 1, 1 )
draw_center = true

[sub_resource type="StyleBoxTexture" id=178]

content_margin_left = 0.0
content_margin_right = 0.0
content_margin_top = 0.0
content_margin_bottom = 0.0
texture = SubResource( 63 )
region_rect = Rect2( 0, 0, 12, 12 )
margin_left = 5.0
margin_right = 5.0
margin_top = 5.0
margin_bottom = 5.0
expand_margin_left = 0.0
expand_margin_right = 0.0
expand_margin_top = 0.0
expand_margin_bottom = 0.0
modulate_color = Color( 1, 1, 1, 1 )
draw_center = true

[sub_resource type="ImageTexture" id=179]

flags = 4
storage = 0
lossy_quality = 0.7
flags = 4
size = Vector2( 8, 8 )

[sub_resource type="StyleBoxTexture" id=180]

content_margin_left = -1.0
content_margin_right = -1.0
content_margin_top = -1.0
content_margin_bottom = -1.0
texture = SubResource( 179 )
region_rect = Rect2( 0, 0, 8, 8 )
margin_left = 3.0
margin_right = 3.0
margin_top = 3.0
margin_bottom = 3.0
expand_margin_left = 0.0
expand_margin_right = 0.0
expand_margin_top = 0.0
expand_margin_bottom = 0.0
modulate_color = Color( 1, 1, 1, 1 )
draw_center = true

[sub_resource type="ImageTexture" id=181]

flags = 4
storage = 0
lossy_quality = 0.7
flags = 4
size = Vector2( 16, 16 )

[sub_resource type="ImageTexture" id=182]

flags = 4
storage = 0
lossy_quality = 0.7
flags = 4
size = Vector2( 16, 16 )

[sub_resource type="ImageTexture" id=183]

flags = 4
storage = 0
lossy_quality = 0.7
flags = 4
size = Vector2( 16, 16 )

[sub_resource type="ImageTexture" id=184]

flags = 4
storage = 0
lossy_quality = 0.7
flags = 4
size = Vector2( 16, 4 )

[sub_resource type="ImageTexture" id=185]

flags = 4
storage = 0
lossy_quality = 0.7
flags = 4
size = Vector2( 16, 16 )

[sub_resource type="StyleBoxTexture" id=186]

content_margin_left = -1.0
content_margin_right = -1.0
content_margin_top = -1.0
content_margin_bottom = -1.0
texture = SubResource( 185 )
region_rect = Rect2( 0, 0, 16, 16 )
margin_left = 4.0
margin_right = 4.0
margin_top = 4.0
margin_bottom = 4.0
expand_margin_left = 0.0
expand_margin_right = 0.0
expand_margin_top = 0.0
expand_margin_bottom = 0.0
modulate_color = Color( 1, 1, 1, 1 )
draw_center = true

[sub_resource type="ImageTexture" id=187]

flags = 4
storage = 0
lossy_quality = 0.7
flags = 4
size = Vector2( 16, 16 )

[sub_resource type="StyleBoxTexture" id=188]

content_margin_left = -1.0
content_margin_right = -1.0
content_margin_top = -1.0
content_margin_bottom = -1.0
texture = SubResource( 187 )
region_rect = Rect2( 0, 0, 16, 16 )
margin_left = 6.0
margin_right = 6.0
margin_top = 6.0
margin_bottom = 6.0
expand_margin_left = 0.0
expand_margin_right = 0.0
expand_margin_top = 0.0
expand_margin_bottom = 0.0
modulate_color = Color( 1, 1, 1, 1 )
draw_center = true

[sub_resource type="ImageTexture" id=189]

flags = 4
storage = 0
lossy_quality = 0.7
flags = 4
size = Vector2( 16, 16 )

[sub_resource type="StyleBoxTexture" id=190]

content_margin_left = -1.0
content_margin_right = -1.0
content_margin_top = -1.0
content_margin_bottom = -1.0
texture = SubResource( 189 )
region_rect = Rect2( 0, 0, 16, 16 )
margin_left = 6.0
margin_right = 6.0
margin_top = 6.0
margin_bottom = 6.0
expand_margin_left = 0.0
expand_margin_right = 0.0
expand_margin_top = 0.0
expand_margin_bottom = 0.0
modulate_color = Color( 1, 1, 1, 1 )
draw_center = true

[sub_resource type="StyleBoxTexture" id=191]

content_margin_left = -1.0
content_margin_right = -1.0
content_margin_top = -1.0
content_margin_bottom = -1.0
texture = SubResource( 185 )
region_rect = Rect2( 0, 0, 16, 16 )
margin_left = 4.0
margin_right = 4.0
margin_top = 4.0
margin_bottom = 4.0
expand_margin_left = 0.0
expand_margin_right = 0.0
expand_margin_top = 0.0
expand_margin_bottom = 0.0
modulate_color = Color( 1, 1, 1, 1 )
draw_center = true

[sub_resource type="ImageTexture" id=192]

flags = 4
storage = 0
lossy_quality = 0.7
flags = 4
size = Vector2( 64, 8 )

[sub_resource type="ImageTexture" id=193]

flags = 4
storage = 0
lossy_quality = 0.7
flags = 4
size = Vector2( 8, 8 )

[sub_resource type="StyleBoxTexture" id=194]

content_margin_left = -1.0
content_margin_right = -1.0
content_margin_top = -1.0
content_margin_bottom = -1.0
texture = SubResource( 193 )
region_rect = Rect2( 0, 0, 8, 8 )
margin_left = 1.0
margin_right = 1.0
margin_top = 1.0
margin_bottom = 1.0
expand_margin_left = 0.0
expand_margin_right = 0.0
expand_margin_top = 0.0
expand_margin_bottom = 0.0
modulate_color = Color( 1, 1, 1, 1 )
draw_center = true

[sub_resource type="ImageTexture" id=195]

flags = 4
storage = 0
lossy_quality = 0.7
flags = 4
size = Vector2( 16, 16 )

[sub_resource type="ImageTexture" id=196]

flags = 4
storage = 0
lossy_quality = 0.7
flags = 4
size = Vector2( 16, 16 )

[sub_resource type="ImageTexture" id=197]

flags = 4
storage = 0
lossy_quality = 0.7
flags = 4
size = Vector2( 42, 70 )

[sub_resource type="StyleBoxTexture" id=198]

content_margin_left = -1.0
content_margin_right = -1.0
content_margin_top = -1.0
content_margin_bottom = -1.0
texture = SubResource( 197 )
region_rect = Rect2( 0, 0, 42, 70 )
margin_left = 10.0
margin_right = 10.0
margin_top = 26.0
margin_bottom = 8.0
expand_margin_left = 8.0
expand_margin_right = 8.0
expand_margin_top = 24.0
expand_margin_bottom = 6.0
modulate_color = Color( 1, 1, 1, 1 )
draw_center = true

[resource]

Button/colors/font_color = Color( 0.878431, 0.878431, 0.878431, 1 )
Button/colors/font_color_disabled = Color( 0.9, 0.9, 0.9, 0.2 )
Button/colors/font_color_hover = Color( 0.941176, 0.941176, 0.941176, 1 )
Button/colors/font_color_pressed = Color( 1, 1, 1, 1 )
Button/constants/hseparation = 2
Button/fonts/font = ExtResource( 1 )
Button/styles/disabled = SubResource( 2 )
Button/styles/focus = SubResource( 4 )
Button/styles/hover = SubResource( 6 )
Button/styles/normal = SubResource( 8 )
Button/styles/pressed = SubResource( 10 )
ButtonGroup/styles/panel = SubResource( 11 )
CheckBox/colors/font_color = Color( 0.878431, 0.878431, 0.878431, 1 )
CheckBox/colors/font_color_disabled = Color( 0.9, 0.9, 0.9, 0.2 )
CheckBox/colors/font_color_hover = Color( 0.941176, 0.941176, 0.941176, 1 )
CheckBox/colors/font_color_pressed = Color( 1, 1, 1, 1 )
CheckBox/constants/check_vadjust = 0
CheckBox/constants/hseparation = 4
CheckBox/fonts/font = ExtResource( 1 )
CheckBox/icons/checked = SubResource( 12 )
CheckBox/icons/radio_checked = SubResource( 13 )
CheckBox/icons/radio_unchecked = SubResource( 14 )
CheckBox/icons/unchecked = SubResource( 15 )
CheckBox/styles/disabled = SubResource( 16 )
CheckBox/styles/focus = SubResource( 18 )
CheckBox/styles/hover = SubResource( 16 )
CheckBox/styles/normal = SubResource( 16 )
CheckBox/styles/pressed = SubResource( 16 )
CheckButton/colors/font_color = Color( 0.878431, 0.878431, 0.878431, 1 )
CheckButton/colors/font_color_disabled = Color( 0.9, 0.9, 0.9, 0.2 )
CheckButton/colors/font_color_hover = Color( 0.941176, 0.941176, 0.941176, 1 )
CheckButton/colors/font_color_pressed = Color( 1, 1, 1, 1 )
CheckButton/constants/check_vadjust = 0
CheckButton/constants/hseparation = 4
CheckButton/fonts/font = ExtResource( 1 )
CheckButton/icons/off = SubResource( 19 )
CheckButton/icons/on = SubResource( 20 )
CheckButton/styles/disabled = SubResource( 21 )
CheckButton/styles/focus = SubResource( 18 )
CheckButton/styles/hover = SubResource( 21 )
CheckButton/styles/normal = SubResource( 21 )
CheckButton/styles/pressed = SubResource( 21 )
ColorPicker/constants/h_width = 30
ColorPicker/constants/label_width = 10
ColorPicker/constants/margin = 4
ColorPicker/constants/sv_height = 256
ColorPicker/constants/sv_width = 256
ColorPicker/icons/add_preset = SubResource( 22 )
ColorPicker/icons/color_hue = SubResource( 23 )
ColorPicker/icons/color_sample = SubResource( 24 )
ColorPicker/icons/preset_bg = SubResource( 25 )
ColorPicker/icons/screen_picker = SubResource( 26 )
ColorPickerButton/colors/font_color = Color( 1, 1, 1, 1 )
ColorPickerButton/colors/font_color_disabled = Color( 0.9, 0.9, 0.9, 0.3 )
ColorPickerButton/colors/font_color_hover = Color( 1, 1, 1, 1 )
ColorPickerButton/colors/font_color_pressed = Color( 0.8, 0.8, 0.8, 1 )
ColorPickerButton/constants/hseparation = 2
ColorPickerButton/fonts/font = ExtResource( 1 )
ColorPickerButton/icons/bg = SubResource( 27 )
ColorPickerButton/styles/disabled = SubResource( 2 )
ColorPickerButton/styles/focus = SubResource( 4 )
ColorPickerButton/styles/hover = SubResource( 6 )
ColorPickerButton/styles/normal = SubResource( 8 )
ColorPickerButton/styles/pressed = SubResource( 10 )
Dialogs/constants/button_margin = 32
Dialogs/constants/margin = 8
FileDialog/colors/files_disabled = Color( 0, 0, 0, 0.7 )
FileDialog/icons/folder = SubResource( 28 )
FileDialog/icons/parent_folder = SubResource( 29 )
FileDialog/icons/reload = SubResource( 30 )
Fonts/fonts/large = ExtResource( 1 )
Fonts/fonts/normal = ExtResource( 1 )
GraphEdit/colors/grid_major = Color( 1, 1, 1, 0.2 )
GraphEdit/colors/grid_minor = Color( 1, 1, 1, 0.05 )
GraphEdit/constants/bezier_len_neg = 160
GraphEdit/constants/bezier_len_pos = 80
GraphEdit/icons/minus = SubResource( 31 )
GraphEdit/icons/more = SubResource( 32 )
GraphEdit/icons/reset = SubResource( 33 )
GraphEdit/icons/snap = SubResource( 34 )
GraphEdit/styles/bg = SubResource( 36 )
GraphNode/colors/title_color = Color( 0, 0, 0, 1 )
GraphNode/constants/close_offset = 18
GraphNode/constants/port_offset = 3
GraphNode/constants/separation = 1
GraphNode/constants/title_offset = 20
GraphNode/fonts/title_font = ExtResource( 1 )
GraphNode/icons/close = SubResource( 37 )
GraphNode/icons/port = SubResource( 38 )
GraphNode/icons/resizer = SubResource( 39 )
GraphNode/styles/breakpoint = SubResource( 41 )
GraphNode/styles/comment = SubResource( 43 )
GraphNode/styles/commentfocus = SubResource( 45 )
GraphNode/styles/defaultfocus = SubResource( 47 )
GraphNode/styles/defaultframe = SubResource( 49 )
GraphNode/styles/frame = SubResource( 51 )
GraphNode/styles/position = SubResource( 53 )
GraphNode/styles/selectedframe = SubResource( 55 )
GridContainer/constants/hseparation = 4
GridContainer/constants/vseparation = 4
HBoxContainer/constants/separation = 4
HScrollBar/icons/decrement = SubResource( 56 )
HScrollBar/icons/decrement_highlight = SubResource( 56 )
HScrollBar/icons/increment = SubResource( 56 )
HScrollBar/icons/increment_highlight = SubResource( 56 )
HScrollBar/styles/grabber = SubResource( 58 )
HScrollBar/styles/grabber_highlight = SubResource( 60 )
HScrollBar/styles/grabber_pressed = SubResource( 62 )
HScrollBar/styles/scroll = SubResource( 64 )
HScrollBar/styles/scroll_focus = SubResource( 65 )
HSeparator/constants/separation = 4
HSeparator/styles/separator = SubResource( 67 )
HSlider/icons/grabber = SubResource( 68 )
HSlider/icons/grabber_disabled = SubResource( 69 )
HSlider/icons/grabber_highlight = SubResource( 70 )
HSlider/icons/tick = SubResource( 71 )
HSlider/styles/focus = SubResource( 18 )
HSlider/styles/grabber_area = SubResource( 73 )
HSlider/styles/grabber_disabled = SubResource( 75 )
HSlider/styles/grabber_highlight = SubResource( 77 )
HSlider/styles/slider = SubResource( 78 )
HSplitContainer/constants/autohide = 1
HSplitContainer/constants/separation = 12
HSplitContainer/icons/grabber = SubResource( 79 )
HSplitContainer/styles/bg = SubResource( 81 )
Icons/icons/close = SubResource( 82 )
Icons/icons/logo = SubResource( 83 )
ItemList/colors/font_color = Color( 0.627451, 0.627451, 0.627451, 1 )
ItemList/colors/font_color_selected = Color( 1, 1, 1, 1 )
ItemList/colors/guide_color = Color( 0, 0, 0, 0.1 )
ItemList/constants/hseparation = 4
ItemList/constants/icon_margin = 4
ItemList/constants/line_separation = 2
ItemList/constants/vseparation = 2
ItemList/fonts/font = ExtResource( 1 )
ItemList/styles/bg = SubResource( 84 )
ItemList/styles/bg_focus = SubResource( 18 )
ItemList/styles/cursor = SubResource( 18 )
ItemList/styles/cursor_unfocused = SubResource( 18 )
ItemList/styles/selected = SubResource( 86 )
ItemList/styles/selected_focus = SubResource( 88 )
Label/colors/font_color = Color( 0.360784, 0.611765, 0.203922, 1 )
Label/colors/font_color_shadow = Color( 0, 0, 0, 0 )
Label/constants/line_spacing = 0
Label/constants/shadow_as_outline = 0
Label/constants/shadow_offset_x = 1
Label/constants/shadow_offset_y = 1
Label/fonts/font = ExtResource( 1 )
Label/styles/normal = SubResource( 89 )
LineEdit/colors/cursor_color = Color( 0.937255, 0.937255, 0.937255, 1 )
LineEdit/colors/font_color = Color( 0.878431, 0.878431, 0.878431, 1 )
LineEdit/colors/font_color_selected = Color( 0, 0, 0, 1 )
LineEdit/colors/selection_color = Color( 0.490196, 0.490196, 0.490196, 1 )
LineEdit/constants/minimum_spaces = 12
LineEdit/fonts/font = ExtResource( 1 )
LineEdit/styles/focus = SubResource( 18 )
LineEdit/styles/normal = SubResource( 91 )
LineEdit/styles/read_only = SubResource( 93 )
LinkButton/colors/font_color = Color( 0.878431, 0.878431, 0.878431, 1 )
LinkButton/colors/font_color_hover = Color( 0.941176, 0.941176, 0.941176, 1 )
LinkButton/colors/font_color_pressed = Color( 1, 1, 1, 1 )
LinkButton/constants/underline_spacing = 2
LinkButton/fonts/font = ExtResource( 1 )
LinkButton/styles/focus = SubResource( 18 )
MarginContainer/constants/margin_bottom = 0
MarginContainer/constants/margin_left = 8
MarginContainer/constants/margin_right = 0
MarginContainer/constants/margin_top = 0
MenuButton/colors/font_color = Color( 0.878431, 0.878431, 0.878431, 1 )
MenuButton/colors/font_color_disabled = Color( 1, 1, 1, 0.3 )
MenuButton/colors/font_color_hover = Color( 0.941176, 0.941176, 0.941176, 1 )
MenuButton/colors/font_color_pressed = Color( 1, 1, 1, 1 )
MenuButton/constants/hseparation = 3
MenuButton/fonts/font = ExtResource( 1 )
MenuButton/styles/disabled = SubResource( 2 )
MenuButton/styles/focus = SubResource( 4 )
MenuButton/styles/hover = SubResource( 6 )
MenuButton/styles/normal = SubResource( 8 )
MenuButton/styles/pressed = SubResource( 10 )
OptionButton/colors/font_color = Color( 0.878431, 0.878431, 0.878431, 1 )
OptionButton/colors/font_color_disabled = Color( 0.9, 0.9, 0.9, 0.2 )
OptionButton/colors/font_color_hover = Color( 0.941176, 0.941176, 0.941176, 1 )
OptionButton/colors/font_color_pressed = Color( 1, 1, 1, 1 )
OptionButton/constants/arrow_margin = 2
OptionButton/constants/hseparation = 2
OptionButton/fonts/font = ExtResource( 1 )
OptionButton/icons/arrow = SubResource( 94 )
OptionButton/styles/disabled = SubResource( 96 )
OptionButton/styles/focus = SubResource( 97 )
OptionButton/styles/hover = SubResource( 99 )
OptionButton/styles/normal = SubResource( 101 )
OptionButton/styles/pressed = SubResource( 103 )
Panel/styles/panel = SubResource( 105 )
Panel/styles/panelf = SubResource( 107 )
Panel/styles/panelnc = SubResource( 109 )
PanelContainer/styles/panel = SubResource( 110 )
PopupMenu/colors/font_color = Color( 0.878431, 0.878431, 0.878431, 1 )
PopupMenu/colors/font_color_accel = Color( 0.7, 0.7, 0.7, 0.8 )
PopupMenu/colors/font_color_disabled = Color( 0.4, 0.4, 0.4, 0.8 )
PopupMenu/colors/font_color_hover = Color( 0.878431, 0.878431, 0.878431, 1 )
PopupMenu/constants/hseparation = 4
PopupMenu/constants/vseparation = 4
PopupMenu/fonts/font = ExtResource( 1 )
PopupMenu/icons/checked = SubResource( 111 )
PopupMenu/icons/submenu = SubResource( 112 )
PopupMenu/icons/unchecked = SubResource( 113 )
PopupMenu/styles/hover = SubResource( 114 )
PopupMenu/styles/panel = SubResource( 116 )
PopupMenu/styles/panel_disabled = SubResource( 118 )
PopupMenu/styles/separator = SubResource( 119 )
PopupPanel/styles/panel = SubResource( 120 )
ProgressBar/colors/font_color = Color( 0.941176, 0.941176, 0.941176, 1 )
ProgressBar/colors/font_color_shadow = Color( 0, 0, 0, 1 )
ProgressBar/fonts/font = ExtResource( 1 )
ProgressBar/styles/bg = SubResource( 122 )
ProgressBar/styles/fg = SubResource( 124 )
ReferenceRect/styles/border = SubResource( 126 )
RichTextLabel/colors/default_color = Color( 0.878431, 0.878431, 0.878431, 1 )
RichTextLabel/colors/font_color_selected = Color( 0.490196, 0.490196, 0.490196, 1 )
RichTextLabel/colors/selection_color = Color( 0.1, 0.1, 1, 0.8 )
RichTextLabel/constants/line_separation = 1
RichTextLabel/constants/table_hseparation = 3
RichTextLabel/constants/table_vseparation = 3
RichTextLabel/fonts/bold_font = ExtResource( 1 )
RichTextLabel/fonts/bold_italics_font = ExtResource( 1 )
RichTextLabel/fonts/italics_font = ExtResource( 1 )
RichTextLabel/fonts/mono_font = ExtResource( 1 )
RichTextLabel/fonts/normal_font = ExtResource( 1 )
RichTextLabel/styles/focus = SubResource( 18 )
RichTextLabel/styles/normal = SubResource( 127 )
SpinBox/icons/updown = SubResource( 128 )
TabContainer/colors/font_color_bg = Color( 0.690196, 0.690196, 0.690196, 1 )
TabContainer/colors/font_color_disabled = Color( 0.9, 0.9, 0.9, 0.2 )
TabContainer/colors/font_color_fg = Color( 0.941176, 0.941176, 0.941176, 1 )
TabContainer/constants/hseparation = 4
TabContainer/constants/label_valign_bg = 2
TabContainer/constants/label_valign_fg = 0
TabContainer/constants/side_margin = 8
TabContainer/constants/top_margin = 24
TabContainer/fonts/font = ExtResource( 1 )
TabContainer/icons/decrement = SubResource( 129 )
TabContainer/icons/decrement_highlight = SubResource( 130 )
TabContainer/icons/increment = SubResource( 131 )
TabContainer/icons/increment_highlight = SubResource( 132 )
TabContainer/icons/menu = SubResource( 133 )
TabContainer/icons/menu_highlight = SubResource( 134 )
TabContainer/styles/panel = SubResource( 107 )
TabContainer/styles/tab_bg = SubResource( 136 )
TabContainer/styles/tab_fg = SubResource( 138 )
Tabs/colors/font_color_bg = Color( 0.690196, 0.690196, 0.690196, 1 )
Tabs/colors/font_color_disabled = Color( 0.9, 0.9, 0.9, 0.2 )
Tabs/colors/font_color_fg = Color( 0.941176, 0.941176, 0.941176, 1 )
Tabs/constants/hseparation = 4
Tabs/constants/label_valign_bg = 2
Tabs/constants/label_valign_fg = 0
Tabs/constants/top_margin = 24
Tabs/fonts/font = ExtResource( 1 )
Tabs/icons/close = SubResource( 139 )
Tabs/icons/decrement = SubResource( 140 )
Tabs/icons/decrement_highlight = SubResource( 141 )
Tabs/icons/increment = SubResource( 142 )
Tabs/icons/increment_highlight = SubResource( 143 )
Tabs/styles/button = SubResource( 144 )
Tabs/styles/button_pressed = SubResource( 145 )
Tabs/styles/panel = SubResource( 107 )
Tabs/styles/tab_bg = SubResource( 146 )
Tabs/styles/tab_fg = SubResource( 147 )
TextEdit/colors/background_color = Color( 0, 0, 0, 0 )
TextEdit/colors/brace_mismatch_color = Color( 1, 0.2, 0.2, 1 )
TextEdit/colors/breakpoint_color = Color( 0.8, 0.8, 0.4, 0.2 )
TextEdit/colors/caret_background_color = Color( 0, 0, 0, 1 )
TextEdit/colors/caret_color = Color( 0.878431, 0.878431, 0.878431, 1 )
TextEdit/colors/code_folding_color = Color( 0.8, 0.8, 0.8, 0.8 )
TextEdit/colors/completion_background_color = Color( 0.172549, 0.164706, 0.196078, 1 )
TextEdit/colors/completion_existing_color = Color( 0.87451, 0.87451, 0.87451, 0.129412 )
TextEdit/colors/completion_font_color = Color( 0.666667, 0.666667, 0.666667, 1 )
TextEdit/colors/completion_scroll_color = Color( 1, 1, 1, 1 )
TextEdit/colors/completion_selected_color = Color( 0.262745, 0.258824, 0.266667, 1 )
TextEdit/colors/current_line_color = Color( 0.25, 0.25, 0.26, 0.8 )
TextEdit/colors/font_color = Color( 0.878431, 0.878431, 0.878431, 1 )
TextEdit/colors/font_color_selected = Color( 0, 0, 0, 1 )
TextEdit/colors/function_color = Color( 0.4, 0.635294, 0.807843, 1 )
TextEdit/colors/line_number_color = Color( 0.666667, 0.666667, 0.666667, 0.4 )
TextEdit/colors/mark_color = Color( 1, 0.4, 0.4, 0.4 )
TextEdit/colors/member_variable_color = Color( 0.901961, 0.305882, 0.34902, 1 )
TextEdit/colors/number_color = Color( 0.921569, 0.584314, 0.196078, 1 )
TextEdit/colors/selection_color = Color( 0.490196, 0.490196, 0.490196, 1 )
TextEdit/colors/symbol_color = Color( 0.941176, 0.941176, 0.941176, 1 )
TextEdit/colors/word_highlighted_color = Color( 0.8, 0.9, 0.9, 0.15 )
TextEdit/constants/completion_lines = 7
TextEdit/constants/completion_max_width = 50
TextEdit/constants/completion_scroll_width = 3
TextEdit/constants/line_spacing = 4
TextEdit/fonts/font = ExtResource( 1 )
TextEdit/icons/tab = SubResource( 148 )
TextEdit/styles/completion = SubResource( 149 )
TextEdit/styles/focus = SubResource( 18 )
TextEdit/styles/normal = SubResource( 150 )
TextEdit/styles/read_only = SubResource( 152 )
ToolButton/colors/font_color = Color( 0.878431, 0.878431, 0.878431, 1 )
ToolButton/colors/font_color_disabled = Color( 0.9, 0.95, 1, 0.3 )
ToolButton/colors/font_color_hover = Color( 0.941176, 0.941176, 0.941176, 1 )
ToolButton/colors/font_color_pressed = Color( 1, 1, 1, 1 )
ToolButton/constants/hseparation = 3
ToolButton/fonts/font = ExtResource( 1 )
ToolButton/styles/disabled = SubResource( 153 )
ToolButton/styles/focus = SubResource( 18 )
ToolButton/styles/hover = SubResource( 154 )
ToolButton/styles/normal = SubResource( 155 )
ToolButton/styles/pressed = SubResource( 156 )
TooltipLabel/colors/font_color = Color( 0, 0, 0, 1 )
TooltipLabel/colors/font_color_shadow = Color( 0, 0, 0, 0.1 )
TooltipLabel/constants/shadow_offset_x = 1
TooltipLabel/constants/shadow_offset_y = 1
TooltipLabel/fonts/font = ExtResource( 1 )
TooltipPanel/styles/panel = SubResource( 158 )
Tree/colors/cursor_color = Color( 0, 0, 0, 1 )
Tree/colors/custom_button_font_highlight = Color( 0.941176, 0.941176, 0.941176, 1 )
Tree/colors/drop_position_color = Color( 1, 0.3, 0.2, 1 )
Tree/colors/font_color = Color( 0.690196, 0.690196, 0.690196, 1 )
Tree/colors/font_color_selected = Color( 1, 1, 1, 1 )
Tree/colors/guide_color = Color( 0, 0, 0, 0.1 )
Tree/colors/relationship_line_color = Color( 0.27451, 0.27451, 0.27451, 1 )
Tree/colors/selection_color = Color( 0.1, 0.1, 1, 0.8 )
Tree/colors/title_button_color = Color( 0.878431, 0.878431, 0.878431, 1 )
Tree/constants/button_margin = 4
Tree/constants/draw_relationship_lines = 0
Tree/constants/guide_width = 2
Tree/constants/hseparation = 4
Tree/constants/item_margin = 12
Tree/constants/scroll_border = 4
Tree/constants/scroll_speed = 12
Tree/constants/vseparation = 4
Tree/fonts/font = ExtResource( 1 )
Tree/fonts/title_button_font = ExtResource( 1 )
Tree/icons/arrow = SubResource( 159 )
Tree/icons/arrow_collapsed = SubResource( 160 )
Tree/icons/checked = SubResource( 161 )
Tree/icons/select_arrow = SubResource( 162 )
Tree/icons/unchecked = SubResource( 163 )
Tree/icons/updown = SubResource( 164 )
Tree/styles/bg = SubResource( 165 )
Tree/styles/bg_focus = SubResource( 18 )
Tree/styles/button_pressed = SubResource( 166 )
Tree/styles/cursor = SubResource( 18 )
Tree/styles/cursor_unfocused = SubResource( 18 )
Tree/styles/custom_button = SubResource( 8 )
Tree/styles/custom_button_hover = SubResource( 6 )
Tree/styles/custom_button_pressed = SubResource( 10 )
Tree/styles/selected = SubResource( 167 )
Tree/styles/selected_focus = SubResource( 168 )
Tree/styles/title_button_hover = SubResource( 170 )
Tree/styles/title_button_normal = SubResource( 171 )
Tree/styles/title_button_pressed = SubResource( 173 )
VBoxContainer/constants/separation = 4
VScrollBar/icons/decrement = SubResource( 56 )
VScrollBar/icons/decrement_highlight = SubResource( 56 )
VScrollBar/icons/increment = SubResource( 56 )
VScrollBar/icons/increment_highlight = SubResource( 56 )
VScrollBar/styles/grabber = SubResource( 174 )
VScrollBar/styles/grabber_highlight = SubResource( 175 )
VScrollBar/styles/grabber_pressed = SubResource( 176 )
VScrollBar/styles/scroll = SubResource( 177 )
VScrollBar/styles/scroll_focus = SubResource( 178 )
VSeparator/constants/separation = 4
VSeparator/styles/separator = SubResource( 180 )
VSlider/icons/grabber = SubResource( 181 )
VSlider/icons/grabber_disabled = SubResource( 182 )
VSlider/icons/grabber_highlight = SubResource( 183 )
VSlider/icons/tick = SubResource( 184 )
VSlider/styles/focus = SubResource( 18 )
VSlider/styles/grabber_area = SubResource( 186 )
VSlider/styles/grabber_disabled = SubResource( 188 )
VSlider/styles/grabber_highlight = SubResource( 190 )
VSlider/styles/slider = SubResource( 191 )
VSplitContainer/constants/autohide = 1
VSplitContainer/constants/separation = 12
VSplitContainer/icons/grabber = SubResource( 192 )
VSplitContainer/styles/bg = SubResource( 194 )
WindowDialog/colors/title_color = Color( 0, 0, 0, 1 )
WindowDialog/constants/close_h_ofs = 18
WindowDialog/constants/close_v_ofs = 18
WindowDialog/constants/scaleborder_size = 4
WindowDialog/constants/title_height = 20
WindowDialog/fonts/title_font = ExtResource( 1 )
WindowDialog/icons/close = SubResource( 195 )
WindowDialog/icons/close_highlight = SubResource( 196 )
WindowDialog/styles/panel = SubResource( 198 )
_sections_unfolded = [ "Label", "Label/colors", "Label/constants" ]

